@misc{opencv_contours,
title = "OpenCV Documentation (Contours)",
howpublished = "\url{https://docs.opencv.org/4.x/d4/d73/tutorial_py_contours_begin.html}"
}
@misc{opencv_smoothing,
title = "OpenCV Documentation (Smoothing)",
howpublished = "\url{https://docs.opencv.org/4.x/d4/d13/tutorial_py_filtering.html}"
}
@misc{opencv_thresholding,
title = "OpenCV Documentation (Thresholding)",
howpublished = "\url{https://docs.opencv.org/4.x/d7/d4d/tutorial_py_thresholding.html}"
}

@misc{split_array,
title = "Stack-Overflow (Splitting Array)",
howpublished = "\url{https://stackoverflow.com/questions/44782476/split-a-numpy-array-both-horizontally-and-vertically}"
}

@misc{arithmetic_op,
title = "Geeks for Geeks (Arithematic Operations)",
howpublished = "\url{https://www.geeksforgeeks.org/arithmetic-operations-on-images-using-opencv-set-2-bitwise-operations-on-binary-images/}"
}

@misc{mnist,
title = "Analytics Vidhya (Handwritten Digits Recognition)",
howpublished = "\url{https://www.analyticsvidhya.com/blog/2021/11/newbies-deep-learning-project-to-recognize-handwritten-digit/}"
}

@misc{tds_from_scratch,
title = "Towards Data Science (MNIST digit recognition from scratch)",
howpublished = "\url{https://towardsdatascience.com/mnist-handwritten-digits-classification-from-scratch-using-python-numpy-b08e401c4dab}"
}
@misc{solver_algos,
title = "Wikipedia (Sudoku Solving Algorithms)",
howpublished = "\url{https://en.wikipedia.org/wiki/Sudoku_solving_algorithms}"
}

@misc{bt_twt,
title = "Tech with Tim (Sudoku Solver using BackTracking)",
howpublished = "\url{https://youtu.be/eqUwSA0xI-s}"
}

@misc{buildozer,
title = "DENICZ (Buildozer Deployment)",
howpublished = "\url{https://youtu.be/pzsvN3fuBA0}"
}

@misc{flask,
title = "Free Code Camp (Cloud Deployment using Flask)",
howpublished = "\url{https://www.freecodecamp.org/news/how-to-build-a-web-application-using-flask-and-deploy-it-to-the-cloud-3551c985e492/}"
}
